<?xml version="1.0"?>
<marc:records xmlns:marc="http://www.loc.gov/MARC21/slim" xmlns:xsi="http://www.w3.org/2001/XMLSchema-instance" xsi:schemaLocation="http://www.loc.gov/MARC21/slim http://www.loc.gov/standards/marcxml/schema/MARC21slim.xsd">
  <marc:record>
    <marc:leader>03419ctcaa2200481Ia 4500</marc:leader>
    <marc:controlfield tag="001">9940522123503681</marc:controlfield>
    <marc:controlfield tag="005">20211119145111.0</marc:controlfield>
    <marc:controlfield tag="008">061018i17941810pau           000 0 eng d</marc:controlfield>
    <marc:datafield ind1=" " ind2=" " tag="035">
  <marc:subfield code="a">(OCoLC)ocn155930449</marc:subfield>
</marc:datafield>
    <marc:datafield ind1=" " ind2=" " tag="035">
  <marc:subfield code="a">(OCoLC)155930449</marc:subfield>
</marc:datafield>
    <marc:datafield ind1=" " ind2=" " tag="035">
  <marc:subfield code="a">(CStRLIN)PAUR06-B193</marc:subfield>
</marc:datafield>
    <marc:datafield ind1=" " ind2=" " tag="035">
  <marc:subfield code="a">(PU)4052212-penndb-Voyager</marc:subfield>
</marc:datafield>
    <marc:datafield ind1=" " ind2=" " tag="040">
  <marc:subfield code="a">PU</marc:subfield>
  <marc:subfield code="e">dacs</marc:subfield>
  <marc:subfield code="c">PAULM</marc:subfield>
  <marc:subfield code="d">PAULM</marc:subfield>
</marc:datafield>
    <marc:datafield ind1=" " ind2=" " tag="049">
  <marc:subfield code="a">PAUM</marc:subfield>
</marc:datafield>
    <marc:datafield ind1=" " ind2=" " tag="079">
  <marc:subfield code="a">ocm84698156</marc:subfield>
</marc:datafield>
    <marc:datafield ind1=" " ind2="9" tag="099">
  <marc:subfield code="a">Ms. Coll. 629</marc:subfield>
</marc:datafield>
    <marc:datafield ind1="1" ind2=" " tag="100">
  <marc:subfield code="a">Champneys, Ben.</marc:subfield>
  <marc:subfield code="q">(Benjamin),</marc:subfield>
  <marc:subfield code="d">1774-1814.</marc:subfield>
</marc:datafield>
    <marc:datafield ind1="0" ind2="0" tag="245">
  <marc:subfield code="k">Lecture notes,</marc:subfield>
  <marc:subfield code="f">ca. 1794-1810.</marc:subfield>
</marc:datafield>
    <marc:datafield ind1=" " ind2=" " tag="300">
  <marc:subfield code="a">3</marc:subfield>
  <marc:subfield code="f">volumes (292, 251, 263 leaves)</marc:subfield>
</marc:datafield>
    <marc:datafield ind1=" " ind2=" " tag="500">
  <marc:subfield code="a">Bindings in very fragile condition.</marc:subfield>
</marc:datafield>
    <marc:datafield ind1=" " ind2=" " tag="520">
  <marc:subfield code="a">Three volumes of notes taken from lectures and reading over an extended period of time and bound together at a later date.  They are not bound in chronological or subject order and display a variety of foliation and pagination on the formerly independent items.  The main subjects are medicine and chemistry, with additional notes on logic, mathematics, and moral philosophy that are probably from Champney's college studies and earlier than the first noted date of 1794.  Medical material includes notes from lectures by University of Pennsylvania professors Benjamin Rush, Adam Kuhn, and William Shippen.  Reading notes refer to medical and chemical works by William Cullen (1710-1790), John Huxham (1692-1768), Colin Chisholm (1755-1825), Antoine-Franc&#x327;ois de Fourcroy (1755-1809), and Jean-Antoine-Claude Chaptal (1756-1832).  Champneys notes that his notes on Chaptal were made on board the frigate Philadelphia in 1800.</marc:subfield>
</marc:datafield>
    <marc:datafield ind1="0" ind2=" " tag="545">
  <marc:subfield code="a">College and medical student at the University of Pennsylvania (A.B. 1792, M.D. 1805); naval surgeon on the frigate Philadelphia commanded by Stephen Decatur, 1800-1801; physician in Salem, New Jersey.</marc:subfield>
</marc:datafield>
    <marc:datafield ind1="1" ind2=" " tag="561">
  <marc:subfield code="a">Signature, B. Champneys, inside front covers of volumes 2 and 3; other signatures, Thomas Cowpers (back flyleaf, v. 1), James McKnight (v. 3, ff. 68, 95v), and Jane Benson Champneys (Benjamin's daughter, v. 3, f. 95v)</marc:subfield>
</marc:datafield>
    <marc:datafield ind1="1" ind2=" " tag="561">
  <marc:subfield code="a">Purchased from Benjamin Champneys Atlee, 2006.</marc:subfield>
</marc:datafield>
    <marc:datafield ind1="2" ind2="0" tag="610">
  <marc:subfield code="a">University of Pennsylvania.</marc:subfield>
  <marc:subfield code="b">Department of Medicine</marc:subfield>
</marc:datafield>
    <marc:datafield ind1=" " ind2="0" tag="650">
  <marc:subfield code="a">Medicine</marc:subfield>
  <marc:subfield code="v">Early works to 1800.</marc:subfield>
</marc:datafield>
    <marc:datafield ind1=" " ind2="0" tag="650">
  <marc:subfield code="a">Medicine</marc:subfield>
  <marc:subfield code="x">Study and teaching</marc:subfield>
  <marc:subfield code="y">18th century.</marc:subfield>
</marc:datafield>
    <marc:datafield ind1=" " ind2="0" tag="650">
  <marc:subfield code="a">Medicine</marc:subfield>
  <marc:subfield code="x">Study and teaching</marc:subfield>
  <marc:subfield code="y">19th century.</marc:subfield>
</marc:datafield>
    <marc:datafield ind1=" " ind2="0" tag="650">
  <marc:subfield code="a">Chemistry</marc:subfield>
  <marc:subfield code="v">Early works to 1800.</marc:subfield>
</marc:datafield>
    <marc:datafield ind1=" " ind2="0" tag="650">
  <marc:subfield code="a">Chemistry</marc:subfield>
  <marc:subfield code="x">Study and teaching</marc:subfield>
  <marc:subfield code="y">18th century.</marc:subfield>
</marc:datafield>
    <marc:datafield ind1=" " ind2="0" tag="650">
  <marc:subfield code="a">Chemistry</marc:subfield>
  <marc:subfield code="x">Study and teaching</marc:subfield>
  <marc:subfield code="y">19th century.</marc:subfield>
</marc:datafield>
    <marc:datafield ind1=" " ind2="7" tag="655">
  <marc:subfield code="a">Lecture notes.</marc:subfield>
  <marc:subfield code="2">aat</marc:subfield>
</marc:datafield>
    <marc:datafield ind1=" " ind2="0" tag="655">
  <marc:subfield code="a">Manuscripts, American</marc:subfield>
  <marc:subfield code="y">18th century.</marc:subfield>
</marc:datafield>
    <marc:datafield ind1=" " ind2="0" tag="655">
  <marc:subfield code="a">Manuscripts, American</marc:subfield>
  <marc:subfield code="y">19th century.</marc:subfield>
</marc:datafield>
    <marc:datafield ind1="1" ind2=" " tag="700">
  <marc:subfield code="a">Kuhn, Adam,</marc:subfield>
  <marc:subfield code="d">1741-1817.</marc:subfield>
</marc:datafield>
    <marc:datafield ind1="1" ind2=" " tag="700">
  <marc:subfield code="a">Rush, Benjamin,</marc:subfield>
  <marc:subfield code="d">1746-1813.</marc:subfield>
</marc:datafield>
    <marc:datafield ind1="1" ind2=" " tag="700">
  <marc:subfield code="a">Shippen, William,</marc:subfield>
  <marc:subfield code="d">1736?-1808.</marc:subfield>
</marc:datafield>
    <marc:datafield ind1=" " ind2=" " tag="852">
  <marc:subfield code="b">Kislak Center for Special Collections, Rare Books and Manuscripts</marc:subfield>
  <marc:subfield code="a">University of Pennsylvania</marc:subfield>
  <marc:subfield code="e">3420 Walnut Street, Philadelphia, Pennsylvania 19104-6206.</marc:subfield>
  <marc:subfield code="j">Ms. Coll. 629</marc:subfield>
</marc:datafield>
    <marc:datafield ind1="4" ind2="1" tag="856">
  <marc:subfield code="z">Digital facsimile for browsing v.1 (Colenda)</marc:subfield>
  <marc:subfield code="u">https://colenda.library.upenn.edu/catalog/81431-p3k06xf4g</marc:subfield>
</marc:datafield>
    <marc:datafield ind1="4" ind2="1" tag="856">
  <marc:subfield code="z">Digital facsimile for browsing v.2 (Colenda)</marc:subfield>
  <marc:subfield code="u">https://colenda.library.upenn.edu/catalog/81431-p3fb4x12k</marc:subfield>
</marc:datafield>
    <marc:datafield ind1="4" ind2="1" tag="856">
  <marc:subfield code="z">Digital facsimile for browsing v.3 (Colenda)</marc:subfield>
  <marc:subfield code="u">https://colenda.library.upenn.edu/catalog/81431-p3x921z5m</marc:subfield>
</marc:datafield>
    <marc:datafield ind1="4" ind2="1" tag="856">
  <marc:subfield code="z">Finding aid</marc:subfield>
  <marc:subfield code="u">http://hdl.library.upenn.edu/1017/d/pacscl/UPENN_RBML_PUSpMsColl629</marc:subfield>
</marc:datafield>
    <marc:datafield ind1=" " ind2=" " tag="994">
  <marc:subfield code="a">C0</marc:subfield>
  <marc:subfield code="b">PAULM</marc:subfield>
</marc:datafield>
    <marc:holdings>
      <marc:holding>
        <marc:holding_id>22421907330003681</marc:holding_id>
        <marc:call_number>Ms. Coll. 629</marc:call_number>
        <marc:library>KislakCntr</marc:library>
        <marc:location>scmss</marc:location>
      </marc:holding>
    </marc:holdings>
  </marc:record>
</marc:records>
